@online{KAGGLES3E5,
	ALTauthor = {Walter Reade, Ashley Chow},
	ALTeditor = {Kaggle},
	title = {Ordinal Regression with a Tabular Wine Quality Dataset},
	date = {2023},
	url = {https://kaggle.com/competitions/playground-series-s3e5},
}
@online{code,
	ALTauthor = {Abhi},
	ALTeditor = {Abhi},
	title = {S3_E5|Eda|Multi_Approach_Models|w/o_Smote},
	date = {2023},
	url = {https://www.kaggle.com/code/abhi011097/s3-e5-eda-multi-approach-models-w-o-smote},
}
